
@article{butts2008social,
  author =        {Butts, Carter T.},
  journal =       {Journal of Statistical Software},
  number =        {6},
  pages =         {1--51},
  title =         {Social Network Analysis with \texttt{sna}},
  volume =        {24},
  year =          {2008},
  url =           {http://www.jstatsoft.org/v24/i06/},
}

@article{butts2008network,
  author =        {Butts, Carter T.},
  journal =       {Journal of Statistical Software},
  number =        {2},
  pages =         {1--36},
  title =         {\texttt{network}: A Package for Managing Relational Data in \texttt{R}},
  volume =        {24},
  year =          {2008},
  url =           {http://www.jstatsoft.org/v24/i06/},
}

@Manual{butts2015network,
    author = {Butts, Carter T.},
    title = {\texttt{network}: Classes for Relational Data},
    organization = {The Statnet Project (\url{http://statnet.org})},
    year = {2015},
    note = {\texttt{R} package version 1.13.0},
    url = {http://CRAN.R-project.org/package=network},
}

@Manual{coreteam2014r:,
  Title                    = {\texttt{R}: A Language and Environment for Statistical Computing},
  Address                  = {Vienna, Austria},
  Author                   = {{\texttt{R} Core Team}},
  Organization             = {\texttt{R} {F}oundation for {S}tatistical {C}omputing},
  Year                     = {2014},
  Url                      = {http://www.R-project.org/}
}

@article{csardi2006igraph,
  title={The \texttt{igraph} Software Package for Complex Network Research},
  author={Csardi, Gabor and Nepusz, Tamas},
  journal={InterJournal, Complex Systems},
  volume={1695},
  number={5},
  pages={1--9},
  year={2006}
}

@ARTICLE{fisher2013mapping,
  author = {Fisher, Dana R. and Leifeld, Philip and Iwaki, Yoko},
  title = {Mapping the Ideological Networks of {A}merican Climate Politics},
  journal = {Climatic Change},
  year = {2013},
  volume = {116},
  pages = {523--545},
  number = {3},
  doi = {10.1007/s10584-012-0512-7},
  url = {http://dx.doi.org/10.1007/s10584-012-0512-7}
}

@ARTICLE{fisher2013where,
  author = {Fisher, Dana R. and Waggle, Joseph and Leifeld, Philip},
  title = {Where does Political Polarization Come From? {L}ocating Polarization
      Within the {U.S.} Climate Change Debate},
  journal = {American Behavioral Scientist},
  year = {2013},
  volume = {57},
  pages = {70--92},
  number = {1},
  doi = {10.1177/0002764212463360},
  url = {http://dx.doi.org/10.1177/0002764212463360}
}

@Article{goodreau2008statnet,
  Title                    = {A \texttt{statnet} Tutorial},
  Author                   = {Goodreau, Steven M. and Handcock, Mark S. and Hunter, David R. and Butts, Carter T. and Morris, Martina},
  Journal                  = {Journal of Statistical Software},
  Year                     = {2008},
  Number                   = {9},
  Pages                    = {1--26},
  Volume                   = {24},
  doi                      = {10.18637/jss.v024.i09}
}

@article{handcock2008statnet,
  title={\texttt{statnet}: Software Tools for the Representation, Visualization, Analysis and Simulation of Network Data},
  author={Handcock, Mark S. and Hunter, David R. and Butts, Carter T. and Goodreau, Steven M. and Morris, Martina},
  journal={Journal of Statistical Software},
  volume={24},
  number={1},
  pages={1--11},
  year={2008}
}

@Manual{handcock2016statnet,
    author = {Handcock, Mark S. and Hunter, David R. and Butts, Carter T. 
      and Goodreau, Steven M. and Krivitsky, Pavel N. and Bender-deMoll, 
      Skye and Morris, Martina},
    title = {\texttt{statnet}: Software Tools for the Statistical Analysis of
      Network Data},
    organization = {The Statnet Project (\url{http://www.statnet.org})},
    year = {2016},
    note = {\texttt{R} package version 2016.9},
    url = {http://CRAN.R-project.org/package=statnet}
  }

@Manual{leifeld2017xergm:,
  Title                    = {\texttt{xergm}: Extensions of Exponential Random Graph Models},
  Author                   = {Leifeld, Philip and Cranmer, Skyler J. and Desmarais, Bruce A.},
  Note                     = {\texttt{R} package version 1.8.2},
  Year                     = {2017},
  Url                      = {http://cran.r-project.org/package=xergm}
}

@Manual{leifeld2017rdna,
  title = {\texttt{rDNA}: \texttt{R} bindings for the \texttt{Discourse Network Analyzer}},
  author = {Leifeld, Philip},
  year = {2017},
  note = {\texttt{R} package version 2.0.1},
  url = {http://github.com/leifeld/dna/rDNA}
}

@Manual{leifeld2017temporal,
  title = {Temporal Exponential Random Graph Models with \texttt{btergm}: Estimation and Bootstrap Confidence Intervals},
  author = {Leifeld, Philip and Cranmer, Skyler J. and Desmarais, Bruce A.},
  year = {2017},
  journal = {Journal of Statistical Software},
  note = {Forthcoming}
}

@Manual{maechler2017cluster,
    title = {\texttt{cluster}: Cluster Analysis Basics and Extensions},
    author = {Maechler, Martin and Rousseeuw, Peter and Struyf, Anja and Hubert, Mia and Hornik, Kurt},
    year = {2017},
    note = {\texttt{R} package version 2.0.6},
    url = {http://CRAN.R-project.org/package=cluster}
  }

@Manual{urbanek2016rjava,
    title = {\texttt{rJava}: Low-Level \texttt{R} to \texttt{Java} Interface},
    author = {Urbanek, Simon},
    year = {2016},
    note = {R package version 0.9-8},
    url = {https://CRAN.R-project.org/package=rJava},
}

@Manual{wickham2016devtools,
    title = {\texttt{devtools}: Tools to Make Developing \texttt{R} Packages Easier},
    author = {Wickham, Hadley and Chang, Winston},
    year = {2016},
    note = {\texttt{R} package version 1.12.0},
    url = {https://CRAN.R-project.org/package=devtools},
}