% This file was created with JabRef 2.7b.
% Encoding: UTF8

@ARTICLE{fisher2012mapping,
  author = {Fisher, Dana R. and Leifeld, Philip and Iwaki, Yoko},
  title = {{Mapping the Ideological Networks of American Climate Politics}},
  journal = {Climatic Change},
  year = {2012},
  note = {Forthcoming},
  owner = {Philip Leifeld},
  timestamp = {2012.09.23},
  url = {http://dx.doi.org/10.1007/s10584-012-0512-7}
}

@INCOLLECTION{janning2009diskursnetzwerkanalyse.,
  author = {Janning, Frank and Leifeld, Philip and Malang, Thomas and Schneider,
	Volker},
  title = {{Diskursnetzwerkanalyse. Ãœberlegungen zur Theoriebildung und Methodik}},
  booktitle = {{Politiknetzwerke. Modelle, Anwendungen und Visualisierungen}},
  publisher = {VS Verlag},
  year = {2009},
  editor = {Schneider, Volker and Janning, Frank and Leifeld, Philip and Malang,
	Thomas},
  pages = {59--92},
  address = {Wiesbaden},
  owner = {Philip Leifeld},
  timestamp = {2009.10.28}
}

@INCOLLECTION{leifeld2009die,
  author = {Leifeld, Philip},
  title = {{Die Untersuchung von Diskursnetzwerken mit dem Discourse Network
	Analyzer (DNA)}},
  booktitle = {{Politiknetzwerke. Modelle, Anwendungen und Visualisierungen}},
  publisher = {VS Verlag},
  year = {2009},
  editor = {Schneider, Volker and Janning, Frank and Leifeld, Philip and Malang,
	Thomas},
  pages = {391--404},
  address = {Wiesbaden},
  owner = {Philip Leifeld},
  timestamp = {2009.10.28}
}

@ARTICLE{leifeld2012political,
  author = {Leifeld, Philip and Haunss, Sebastian},
  title = {{Political Discourse Networks and the Conflict over Software Patents
	in Europe}},
  journal = {European Journal of Political Research},
  year = {2012},
  volume = {51},
  pages = {382--409},
  number = {3},
  owner = {Philip Leifeld},
  timestamp = {2012.09.23},
  url = {http://dx.doi.org/10.1111/j.1475-6765.2011.02003.x}
}

@comment{jabref-meta: selector_publisher:}

@comment{jabref-meta: selector_author:}

@comment{jabref-meta: selector_journal:}

@comment{jabref-meta: selector_keywords:}

